<record><leader>00000cas a22000007a 4500</leader><controlfield tag="001">9591679</controlfield><controlfield tag="008">830609d1864186unyuwr ne      0    0eng d</controlfield><controlfield tag="009">3781</controlfield><datafield ind1=" " ind2=" " tag="010"><subfield code="a">sn 83030524 </subfield></datafield><datafield ind1=" " ind2=" " tag="040"><subfield code="a">NPU</subfield><subfield code="b">eng</subfield><subfield code="c">NPU</subfield><subfield code="d">NPX</subfield></datafield><datafield ind1="1" ind2=" " tag="029"><subfield code="a">AU@</subfield><subfield code="b">000025825443</subfield></datafield><datafield ind1=" " ind2=" " tag="042"><subfield code="a">msc</subfield></datafield><datafield ind1="0" ind2="0" tag="245"><subfield code="a">Suburban reporter.</subfield></datafield><datafield ind1=" " ind2=" " tag="260"><subfield code="a">New York [N.Y.] :</subfield><subfield code="b">T. Towndrow,</subfield><subfield code="c">1864-</subfield></datafield><datafield ind1=" " ind2=" " tag="300"><subfield code="a">v. :</subfield><subfield code="b">ill (chiefly adv.) ;</subfield><subfield code="c">57 cm.</subfield></datafield><datafield ind1=" " ind2=" " tag="310"><subfield code="a">Weekly</subfield></datafield><datafield ind1="0" ind2=" " tag="362"><subfield code="a">Vol. 1, no. 1 (Jan. 28, 1864)-</subfield></datafield><datafield ind1=" " ind2=" " tag="500"><subfield code="a">Editor: T. Towndrow, &lt;1864&gt;.</subfield></datafield><datafield ind1=" " ind2=" " tag="752"><subfield code="a">United States</subfield><subfield code="b">New York</subfield><subfield code="c">New York</subfield><subfield code="d">New York.</subfield></datafield><datafield ind1="0" ind2="0" tag="780"><subfield code="t">Harlem traveler</subfield><subfield code="w">(DLC)sn 83030523</subfield></datafield><datafield ind1="0" ind2="0" tag="785"><subfield code="t">Suburban news (New York, N.Y.)</subfield><subfield code="w">(DLC)sn 85026699</subfield></datafield></record>